@misc{milneFT,
author={Milne, James S.},
title={Fields and Galois Theory (v4.61)},
year={2020},
note={Available at www.jmilne.org/math/},
pages={138}
}
